<?xml version="1.0" encoding="UTF-8"?><collection xmlns="http://www.loc.gov/MARC21/slim"><record><leader>00394nam--2200133-i-4500</leader><controlfield tag="001">000007847</controlfield><controlfield tag="002">20161230</controlfield><controlfield tag="005">20161230201027</controlfield><controlfield tag="008">060222s1000------------r-----000-0-eng-d</controlfield><datafield ind1=" " ind2=" " tag="080"><subfield code="a">621.375.1:621.382.04</subfield></datafield><datafield ind1=" " ind2=" " tag="100"><subfield code="a">Cassignol, E.J</subfield></datafield><datafield ind1=" " ind2=" " tag="245"><subfield code="a">Theorie et pratique des circuits a semiconduct eurs: tom 2: electronique non-lineaire</subfield></datafield><datafield ind1=" " ind2=" " tag="260"><subfield code="a">Paris, Dunod, 1965-1966. Xxi + 257 P</subfield></datafield><datafield ind1=" " ind2=" " tag="852"><subfield code="a">23985</subfield></datafield></record></collection>